@manual{US1,
  author = {TU Dortmund},
  title = {US1 - Grundlagen der Ultraschalltechnik},
  year = 2019
}
